<collection xmlns="http://www.loc.gov/MARC21/slim">
   <record>
      <leader>02070cam a2200409Ii 45 0</leader>
      <controlfield tag="001">6812249</controlfield>
      <controlfield tag="003">OCoLC</controlfield>
      <controlfield tag="005">20150721152740.0</controlfield>
      <controlfield tag="008">150716s2015    enk   d  b    001 0 eng d</controlfield>
      <datafield ind1=" " ind2=" " tag="020">
         <subfield code="a">9781783601325 (pbk.)</subfield>
      </datafield>
      <datafield ind1=" " ind2=" " tag="020">
         <subfield code="a">1783601329 (pbk.)</subfield>
      </datafield>
      <datafield ind1=" " ind2=" " tag="020">
         <subfield code="a">9781783601332 (hbk.)</subfield>
      </datafield>
      <datafield ind1=" " ind2=" " tag="020">
         <subfield code="a">1783601337 (hbk.)</subfield>
      </datafield>
      <datafield ind1=" " ind2=" " tag="035">
         <subfield code="a">ocn913881793</subfield>
      </datafield>
      <datafield ind1=" " ind2=" " tag="040">
         <subfield code="a">DOS</subfield>
         <subfield code="b">eng</subfield>
         <subfield code="e">rda</subfield>
         <subfield code="c">DOS</subfield>
         <subfield code="d">YDXCP</subfield>
         <subfield code="d">AFMK</subfield>
      </datafield>
      <datafield ind1=" " ind2=" " tag="090">
         <subfield code="a">HC 800 J478 2015</subfield>
         <subfield code="b">AFMK</subfield>
      </datafield>
      <datafield ind1="1" ind2=" " tag="100">
         <subfield code="a">Jerven, Morten,</subfield>
         <subfield code="d">1978-</subfield>
         <subfield code="e">author.</subfield>
         <subfield code="0">http://id.loc.gov/authorities/names/no2012144779</subfield>
         <subfield code="0">http://viaf.org/viaf/291315376</subfield>
      </datafield>
      <datafield ind1="1" ind2="0" tag="245">
         <subfield code="a">Africa :</subfield>
         <subfield code="b">why economists get it wrong /</subfield>
         <subfield code="c">Morten Jerven.</subfield>
      </datafield>
      <datafield ind1=" " ind2="1" tag="264">
         <subfield code="a">London :</subfield>
         <subfield code="b">Zed Books,</subfield>
         <subfield code="c">[2015]</subfield>
      </datafield>
      <datafield ind1=" " ind2="4" tag="264">
         <subfield code="c">©2015</subfield>
      </datafield>
      <datafield ind1=" " ind2=" " tag="300">
         <subfield code="a">160 pages :</subfield>
         <subfield code="b">illustrations, charts ;</subfield>
         <subfield code="c">22 cm.</subfield>
      </datafield>
      <datafield ind1=" " ind2=" " tag="336">
         <subfield code="a">text</subfield>
         <subfield code="2">rdacontent</subfield>
         <subfield code="0">http://id.loc.gov/vocabulary/contentTypes/txt</subfield>
      </datafield>
      <datafield ind1=" " ind2=" " tag="337">
         <subfield code="a">unmediated</subfield>
         <subfield code="2">rdamedia</subfield>
         <subfield code="0">http://id.loc.gov/vocabulary/mediaTypes/n</subfield>
      </datafield>
      <datafield ind1=" " ind2=" " tag="338">
         <subfield code="a">volume</subfield>
         <subfield code="2">rdacarrier</subfield>
         <subfield code="0">http://id.loc.gov/vocabulary/carriers/nc</subfield>
      </datafield>
      <datafield ind1="1" ind2=" " tag="490">
         <subfield code="a">African arguments</subfield>
      </datafield>
      <datafield ind1=" " ind2=" " tag="504">
         <subfield code="a">Includes bibliographical references (pages 140-154) and index.</subfield>
      </datafield>
      <datafield ind1=" " ind2=" " tag="596">
         <subfield code="a">8</subfield>
      </datafield>
      <datafield ind1=" " ind2="0" tag="650">
         <subfield code="a">Economic development</subfield>
         <subfield code="z">Africa.</subfield>
      </datafield>
      <datafield ind1=" " ind2="0" tag="650">
         <subfield code="a">Economics</subfield>
         <subfield code="z">Africa.</subfield>
      </datafield>
      <datafield ind1=" " ind2="0" tag="651">
         <subfield code="a">Africa</subfield>
         <subfield code="x">Economic conditions.</subfield>
         <subfield code="0">http://id.loc.gov/authorities/subjects/sh85001548</subfield>
      </datafield>
      <datafield ind1="2" ind2=" " tag="710">
         <subfield code="a">International African Institute,</subfield>
         <subfield code="e">issuing body.</subfield>
         <subfield code="0">http://id.loc.gov/authorities/names/n79118123</subfield>
         <subfield code="0">http://viaf.org/viaf/302018719</subfield>
      </datafield>
      <datafield ind1="2" ind2=" " tag="710">
         <subfield code="a">Royal African Society,</subfield>
         <subfield code="e">issuing body.</subfield>
         <subfield code="0">http://id.loc.gov/authorities/names/n82077912</subfield>
         <subfield code="0">http://viaf.org/viaf/153059230</subfield>
      </datafield>
      <datafield ind1="2" ind2=" " tag="710">
         <subfield code="a">World Peace Foundation,</subfield>
         <subfield code="e">issuing body.</subfield>
         <subfield code="0">http://id.loc.gov/authorities/names/n79074496</subfield>
         <subfield code="0">http://viaf.org/viaf/131945342</subfield>
      </datafield>
      <datafield ind1=" " ind2=" " tag="758">
         <subfield code="0">http://worldcat.org/entity/work/id/1807684529</subfield>
      </datafield>
      <datafield ind1="0" ind2=" " tag="787">
         <subfield code="n">OCLC Work Id</subfield>
         <subfield code="o">http://worldcat.org/entity/work/id/1807684529</subfield>
      </datafield>
      <datafield ind1=" " ind2="0" tag="830">
         <subfield code="a">African arguments.</subfield>
         <subfield code="0">http://id.loc.gov/authorities/names/no2006015037</subfield>
      </datafield>
      <datafield ind1=" " ind2=" " tag="926">
         <subfield code="a">HC 800 J478 2015</subfield>
         <subfield code="w">LC</subfield>
         <subfield code="c">1</subfield>
         <subfield code="i">34917001375943</subfield>
         <subfield code="d">3/7/2017</subfield>
         <subfield code="e">2/25/2017</subfield>
         <subfield code="l">ON_SHELF</subfield>
         <subfield code="m">KEYANO</subfield>
         <subfield code="n">3</subfield>
         <subfield code="p">$20.85</subfield>
         <subfield code="q">1</subfield>
         <subfield code="r">Y</subfield>
         <subfield code="s">Y</subfield>
         <subfield code="t">BOOK</subfield>
         <subfield code="u">2/25/2015</subfield>
         <subfield code="o">.STAFF. Rec'd Jul/15 MW</subfield>
      </datafield>
   </record>
</collection>
